@comment{x-kbibtex-personnameformatting=<%l><, %f>}

@incollection{behm1999meteor,
	author = "Behm, Patrick and Benoit, Paul and Faivre, Alain and Meynadier, Jean-Marc",
	booktitle = "{FM{\rq}99---Formal Methods}",
	pages = "369--387",
	publisher = "Springer",
	title = "{METEOR: A successful application of B in a large project}",
	year = "1999"
}

@misc{habrias2006specifications,
	author = "Habrias, Henri",
	publisher = "Universit{\'e} de Nantes, IUT de Nantes, D{\'e}partement informatique",
	title = "{Sp{\'e}cifications avec B ``The art of progress is to preserve order amid change and to preserve change amid order ``(Alfred North Whitehead)}",
	year = "2006"
}

@article{dossierTechnique,
	author = "VALANCOGNE, Jacques",
	eprint = "base documentaire : TIB155DUO.",
	journal = "Techniques de l'ing{\'e}nieur M{\'e}thodes d'analyse des risques",
	note = "fre",
	number = "ref. article : se2525",
	publisher = "Editions T.I.",
	title = "{M{\'e}thode B pour la sp{\'e}cification et la r{\'e}alisation de logiciels et de syst{\`e}mes critiques prouv{\'e}s}",
	type = "article de base documentaire",
	type2 = "base documentaire",
	url = "http://www.techniques-ingenieur.fr/base-documentaire/environnement-securite-th5/methodes-d-analyse-des-risques-42155210/methode-b-pour-la-specification-et-la-realisation-de-logiciels-et-de-systemes-critiques-prouves-se2525/",
	volume = "base documentaire : TIB155DUO.",
	year = "2013"
}

@book{theBBook,
	author = "Abrial, Jean-Raymond and Abrial, Jean-Raymond",
	publisher = "Cambridge University Press",
	title = "{The B-book: assigning programs to meanings}",
	year = "2005"
}

@misc{VerimagPDF,
	author = "{Marie-Laure Potet}, Didier Bert",
	howpublished = "\url{http://www-verimag.imag.fr/~potet/ejcp-expose.pdf}",
	note = "[Online; accessed 01-December-2013]",
	title = "{La m{\'e}thode B}",
	year = "2010"
}

@misc{Bbyexample,
	author = "Romanowicz, Ewa",
	publisher = "McMaster University, Hamilton, Ontario, Canada",
	title = "{B method - An overview through example}",
	year = "2008"
}

